<?xml version="1.0" encoding="UTF-8"?><collection xmlns="http://www.loc.gov/MARC21/slim"><record><leader>00406nam--2200133-i-4500</leader><controlfield tag="001">000027547</controlfield><controlfield tag="002">20161230</controlfield><controlfield tag="005">20161230201036</controlfield><controlfield tag="008">060222s1000------------r-----000-0-eng-d</controlfield><datafield ind1=" " ind2=" " tag="100"><subfield code="a">Kroner, Ekkehart</subfield></datafield><datafield ind1=" " ind2=" " tag="245"><subfield code="a">Kontinuumstheorie der versetzungen und eigenspannungen.mit 39 abbildungen</subfield></datafield><datafield ind1=" " ind2=" " tag="260"><subfield code="a">Berlin, Springer-verlag, 1958. Vii + 179p</subfield></datafield><datafield ind1=" " ind2=" " tag="490"><subfield code="a">Ergebnisse Der Angewandten Mathematik</subfield></datafield><datafield ind1=" " ind2=" " tag="852"><subfield code="a">15087</subfield></datafield></record></collection>